@book{Knuth1998,
 author = {Knuth, Donald E.},
 title = {The art of computer programming,  volume 3: (2nd ed.) sorting and searching},
 year = {1998},
 publisher = {Addison Wesley Longman Publishing Co., Inc.},
 address = {Redwood City, CA, USA}
}

@book{Pollefliet2011,
  author = {Pollefliet, Leen},
  title = {Schrijven van verslag tot eindwerk: do's en don'ts},
  year = {2011},
  publisher = {Academia Press},
  address = {Gent}
}

@article{Creeger2009,
  author = {Creeger, Mache},
  journal = {Communications of the ACM},
  number = {8},
  pages = {50--56},
  title = {{CTO Roundtable: Cloud Computing}},
  volume = {52},
  year = {2009}
}

@online{Chromeappstore2016,
	url={https://chrome.google.com/webstore/search/ad%20block?utm_source=chrome-ntp-icon&_category=extensions},
	key={ChromeAppStore},
	year={2016}

}

@online{Mozillappstore2016,
	url={https://addons.mozilla.org/nl/firefox/extensions/?sort=users},
	key={Mozillappstore},
	year={2016}
}

@online{PerformanceAB,
  author = {Firefoxcvp},
  title = {Best Ad Blocker tested for performance},
  year = {2015},
  url = {http://firefoxcvp.com/best-ad-blocker-tested-for-performance/},
  urldate = {2016-23-03}
}

@article{PageFair2015,
	author={PageFairTeam},
	title={The cost of ad blocking},
	year={2015},
	url={https://blog.pagefair.com/2015/ad-blocking-report/},
	
}
@article{PageFair2014,
	author={PageFairTeam},
	title={The cost of ad blocking},
	year={2014},
	url={https://blog.pagefair.com/2014/adblocking-report/},

}
